2653 3285
1210 152 1509 199 -4-

358 281 456 333 τὸν
490 278 676 333 τόπον.
732 280 977 332 ἰδόντα
1022 281 1067 331 δ’
1098 280 1499 346 ἐκτισμένην
1552 280 1672 342 ἤδη
1717 282 2029 350 Σύβαριν
2069 312 2134 321 —
2176 290 2359 350 κρῖναι

357 363 557 440 ταύτην
590 363 818 428 ἀμείνω,
862 361 1215 429 ἐπανερέσθαι
1259 363 1305 413 δ’
1350 357 1453 415 οὖν
1490 392 1551 400 -
1585 367 1634 413 εἰ
1666 362 1835 414 δοτὸν
1878 367 1957 427 εἴη
2005 364 2205 427 ταύτην
2247 386 2347 416 αντ

352 445 553 507 ἐκείνης
585 466 670 495 xre
667 445 794 505 ζειν
841 448 945 494 Non
979 447 1211 510 suffragor
1244 449 1297 495 F.
1309 449 1377 495 R.
1401 449 1455 495 C.
1475 449 1673 495 Krebsio
1697 449 1896 494 censenti
1913 448 2008 495 hoc
2035 450 2097 495 ab
2123 449 2358 496 Antiocho

352 536 530 575 temere
567 544 665 576 esse
701 530 1048 590 amplificatum.
1119 531 1268 575 Lectt.
1302 530 1495 576 Diodor.
1526 546 1575 591 p.
1602 529 1700 576 229
1728 545 1829 589 sqq.
1878 527 2172 586 Κτίζεσθαι
2202 537 2356 577 autem

353 613 486 657 locus
523 611 627 672 jam
672 611 940 658 aedificatus
984 611 1077 656 dici
1126 613 1265 657 etiam
1309 628 1337 657 a
1381 613 1505 658 novis
1550 613 1722 657 colonis
1767 620 1926 658 notum
1959 611 2042 658 est.
2107 606 2357 660 Crotonem

353 709 462 739 vero
507 692 741 739 conditam
788 709 888 738 esse
933 691 1129 754 Olymp.
1179 694 1342 754 XVII,
1408 695 1441 740 3
1487 695 1655 740 diserte
1700 694 1946 740 affirmavit
1987 694 2245 754 Dionysius.
2291 696 2356 741 H.

352 775 543 836 Antiqq.
576 774 681 822 Lib.
716 774 776 821 11.
815 791 920 837 cap.
954 773 1034 822 59.

883 922 1090 988 olymp.
1141 921 1358 984 LXVII,
1404 921 1439 972 3
1488 938 1534 972 a.
1579 920 1695 971 Chr.
1738 920 1853 972 510.

485 1021 676 1083 Sybaris
733 1039 761 1068 a
814 1021 1091 1068 crotoniatis
1139 1013 1318 1068 deleta‘
1343 1030 1423 1068 est.
1475 1022 1584 1068 vid.
1632 1023 1693 1068 ad
1742 1021 1938 1084 Olymp.
1989 1022 2258 1080 LXXXIV,
2306 1023 2354 1070 l.

352 1103 619 1150 Secundum
672 1104 927 1164 Scymnum
971 1103 1062 1153 Ch.
1105 1119 1169 1150 vs.
1212 1103 1310 1150 353
1361 1105 1515 1165 primo
1576 1120 1693 1151 anno
1760 1103 2055 1165 Olympiadis
2107 1104 2356 1165 Sybaritae

351 1186 486 1231 ludos
533 1186 795 1249 olympicos
841 1187 1128 1233 celebrantes
1172 1202 1198 1231 a
1233 1184 1509 1232 Crotoniatis
1551 1187 1762 1255 oppressi
1809 1193 1924 1232 sunt.
1992 1186 2050 1231 Id
2088 1185 2216 1247 quod
2248 1200 2356 1233 cum

350 1268 549 1316 Diodori
593 1271 769 1316 ratione
805 1271 870 1316 sic
914 1269 1132 1331 componi
1166 1275 1343 1330 potest:
1398 1269 1589 1330 Sybaris
1632 1269 1787 1315 deleta
1829 1267 2021 1330 Olymp.
2064 1269 2279 1327 LXVIII,
2323 1269 2353 1316 l

350 1367 390 1397 a.
424 1351 538 1398 Chr.
573 1350 696 1410 508,
732 1353 940 1399 restituta
975 1357 1084 1411 post
1116 1350 1183 1398 58
1217 1367 1356 1397 annos
1389 1338 1552 1412 plenos
1584 1353 1613 1398 i.
1648 1367 1687 1397 e.
1725 1368 1766 1398 a.
1800 1350 1915 1398 Chr.
1949 1350 2075 1411 451,
2116 1366 2205 1398 non
2240 1351 2353 1411 452,

351 1450 490 1494 quem
523 1450 763 1480 numerum
798 1436 1048 1496 posuimus.

784 1574 787 1576 ’
875 1580 1084 1648 olymp.
1120 1581 1372 1643 LXXXI,
1405 1580 1440 1630 4
1472 1598 1518 1632 a.
1555 1580 1675 1631 cnr.
1708 1580 1823 1631 452.

483 1682 594 1727 Post
627 1680 695 1728 58
731 1698 869 1727 annos
903 1682 1097 1743 Sybaris
1131 1698 1158 1727 a
1191 1682 1430 1728 Thessalis
1466 1689 1514 1728 et
1548 1682 1754 1728 collectis
1789 1680 2109 1742 Sybaritarum
2148 1682 2350 1742 reliquiis

349 1764 558 1810 restituta
593 1773 675 1809 est.
743 1764 934 1811 Diodor.
968 1765 1072 1811 Lib.
1106 1765 1174 1809 XI
1210 1779 1313 1824 cap.
1349 1764 1440 1822 90,
1475 1765 1556 1810 ubi
1588 1764 1753 1809 lacuna
1787 1771 1985 1825 apparet
2009 1764 2129 1809 inter
2157 1762 2349 1826 Olymp.

347 1845 436 1903 81,
468 1845 501 1891 4
535 1853 581 1892 et
613 1846 703 1905 82,
738 1846 782 1893 2.
818 1872 885 1881 -
920 1847 1026 1893 vid.
1063 1847 1137 1892 ad.
1171 1846 1365 1907 Olymp.
1399 1846 1667 1904 LXXXIV,
1703 1845 1747 1891 l.

849 1992 1058 2060 Olymp.
1095 1992 1401 2055 LXXXIII,
1434 1991 1468 2043 3
1501 2010 1548 2044 a.
1585 1993 1706 2043 Chr.
1742 1993 1858 2043 446.

478 2092 724 2154 Sybaritae
743 2111 770 2140 a
789 2094 1068 2141 crotoniatis
1086 2095 1254 2140 iterum
1280 2093 1420 2155 ejecti
1444 2102 1560 2140 sunt.
1595 2091 1703 2141 Vid.
1729 2094 1790 2140 ad
1816 2093 2009 2155 Olymp.
2032 2093 2291 2152 LXXXIV,
2306 2094 2348 2138 l.

853 2214 1061 2306 ol'ymp.
1096 2238 1393 2304 LXXXIV,
1417 2244 1447 2291 1
1482 2257 1528 2291 a.
1565 2239 1687 2290 chr.
1722 2240 1842 2292 444.

479 2339 686 2386 Thurios
722 2342 829 2387 loco
846 2341 1036 2401 Sybaris
1070 2342 1377 2389 condiderunt
1404 2342 1704 2407 Athenienses
1736 2343 1943 2388 collectis
1964 2341 2152 2388 diversis
2172 2340 2347 2387 colonis

343 2423 575 2469 Praxitele
608 2423 865 2469 Archonte.
913 2423 1101 2485 Dionys.
1138 2425 1202 2473 H.
1223 2425 1336 2471 Jud.
1367 2426 1479 2485 Lys.
1515 2425 1611 2470 init.
1633 2425 1739 2471 Vol.
1772 2426 1816 2470 V
1838 2423 2036 2485 9452:
2070 2422 2346 2480 Λυσίας-

343 2502 434 2562 ἕτη
470 2503 848 2552 πεντεκαίδεκα
881 2504 1102 2566 γεγονὼς
1135 2509 1206 2562 εἰς
1249 2507 1511 2570 Θουρίους
1546 2504 1709 2571 ᾤχετο
1746 2504 1914 2555 πλέων
1949 2504 2048 2553 σὺν
2094 2503 2349 2568 ἀδελφοῖς

343 2584 492 2644 δυσὶ,
537 2585 880 2647 κοινωνήσων
924 2588 1011 2647 τῆς
1053 2586 1324 2647 ἀποικίας,
1379 2587 1443 2648 ἣν
1474 2587 1726 2637 ἔστελλον
1754 2586 2040 2647 Ἀθηναῖοί
2074 2606 2126 2635 τε
2168 2589 2265 2635 καὶ
2313 2584 2344 2647 ἡ

343 2666 476 2727 ἄλλη
511 2668 692 2727 Ἑλλὰς
714 2668 992 2736 δωδεκάτῳ
1013 2669 1278 2736 πρότερον
1305 2669 1409 2720 ἔτει
1429 2670 1530 2720 τοῦ
1551 2669 2067 2732 Πελοποννησιακοῦ
2087 2667 2345 2731 πολέμου.
