2653 3285
256 284 501 332 addicente
544 284 826 343 Basileensi)
874 283 935 335 τὸ
992 283 1250 351 ψήφισμα
1289 282 1629 349 γράψαντος,
1679 282 1814 350 ἀνὴρ
1856 283 2148 346 Ἀθηναῖος
2181 283 2250 334 οὐ

256 365 360 416 τῶν
396 364 849 432 παρημελημένων
881 370 938 417 ἐν
968 367 1181 441 ἱστορίᾳ
1206 368 1442 426 Δι’ϋλλος
1464 369 1683 433 είρηκεν.
1735 370 1916 429 Anytus
1949 371 1987 415 is
2017 377 2098 416 ant
2132 370 2250 417 aliua

255 456 324 497 est
357 466 498 512 quam
531 458 769 498 accusator
801 452 1004 499 Socratis
1038 450 1230 513 Olymp.
1263 452 1417 510 XCV,
1447 451 1475 497 1
1512 467 1552 498 a.
1575 449 1690 497 Chr.
1712 449 1873 509 ww,
1900 458 1981 497 aut
2007 451 2248 499 decretum

254 532 372 579 illud
424 532 506 589 diu
557 541 666 594 post
722 532 915 594 Olymp.
967 534 1239 590 LXXXIII,
1296 534 1330 579 3
1385 534 1445 579 ab
1494 520 1664 578 eodem'
1719 539 1788 578 est
1831 539 2061 593 rogatum.
2140 534 2246 579 Vid.

253 613 500 670 Hermann.
550 615 597 658 in
640 614 833 659 Baehrii
866 615 1043 659 Herod.
1080 615 1127 658 11
1164 630 1210 676 p.
1244 615 1357 661 659.
1408 615 1603 677 Saepius
1647 622 1869 673 certeque
1912 622 2021 673 post
2054 613 2247 676 Olymp.

254 696 489 753 LXXXV,
525 697 558 741 4
578 712 617 741 a.
639 696 752 741 Chr.
773 696 872 742 437
896 697 1161 741 Herodotus
1186 699 1389 743 Athenas
1405 698 1608 742 visitasse
1636 697 1829 741 videtur.
1897 696 2018 740 Nam
2044 712 2101 741 eo
2132 712 2250 741 anno

254 778 520 839 Propylaea
546 777 782 823 aedificari
814 786 983 838 coepta
1000 786 1113 823 sunt.
1158 779 1435 843 Harpocrat.
1471 795 1507 824 s.
1541 793 1582 823 v.
1603 774 1940 840 Προπύλαια.
1982 777 2249 825 Herodotus

254 865 409 905 autem
442 874 497 904 ea
529 859 697 904 vidisse
730 858 932 919 videtur,
978 861 1087 919 quia
1121 862 1278 906 scribit
1305 862 1407 907 Lib.
1446 860 1490 905 V
1524 874 1629 921 cap.
1662 859 1751 905 77:
1787 859 1847 907 τὸ
1887 856 1945 906 δὲ
1979 856 2249 922 ἀριστερῆς

247 939 409 1005 χερὸς
442 937 629 1000 ἕστηκε
662 939 874 1003 πρῶτον
905 938 1092 998 ε’ςιόντι
1124 942 1174 997 ἐς
1202 941 1266 990 τὰ
1288 939 1612 1007 Προπύλαια
1637 940 1702 990 τὰ
1723 941 1782 988 ἐν
1804 940 1863 1004 τῇ
1884 938 2167 1006 ἀκροπόλι.
2186 967 2248 976 -

254 1023 552 1085 olympicam
598 1025 912 1070 recitationem
953 1025 1147 1071 tradidit
1189 1025 1353 1071 Suidas
1392 1041 1426 1072 s.
1473 1041 1514 1071 v.
1590 1021 1950 1083 Θουκυδίδηςε
1985 1051 2053 1059 -
2088 1015 2251 1080 οὗτος

254 1104 482 1164 ἤκουσεν
543 1103 622 1152 ἔτι
672 1111 794 1161 παῖς
857 1099 1135 1168 τυγχάνων
1186 1104 1484 1170 Ἡροδότου
1543 1107 1624 1153 ἐπὶ
1676 1106 1763 1164 τῆς
1807 1104 2099 1168 Ὀλυμπίας
2157 1105 2250 1164 τὰς

254 1187 492 1251 ἱστορίας
526 1185 701 1235 αὑτοῦ
736 1185 1111 1250 διερχομένου,
1146 1186 1209 1245 ἂς
1246 1186 1621 1251 συνεγράψατο
1657 1197 1746 1235 etc.
1791 1189 1861 1234 Id.
1897 1205 1930 1234 s.
1963 1204 2005 1234 v.
2038 1186 2247 1252 Ὀργᾶν.

253 1271 576 1316 Narratione-m
616 1270 912 1329 amplificavit
963 1270 1192 1316 Lucianus
1234 1271 1415 1327 libello,
1477 1287 1615 1329 quem
1658 1271 1889 1330 inscripsit
1936 1270 2245 1317 Herodotum.

254 1354 444 1398 Poterat
486 1351 753 1397 Herodotus
804 1353 941 1397 etiam
986 1361 1093 1413 post
1137 1352 1329 1413 Olymp.
1373 1353 1640 1409 LXXXIV,
1688 1354 1717 1399 1
1766 1351 1959 1398 Thnriis
2003 1352 2063 1396 ad
2112 1352 2248 1398 ludos

254 1434 530 1495 Olympicos
566 1433 797 1494 proficisci
833 1440 912 1478 aut
946 1442 1078 1479 antea
1097 1442 1279 1495 partem
1302 1434 1457 1495 operis
1492 1435 1561 1479 sui
1594 1433 1659 1479 ibi
1692 1434 1901 1479 recitare.
1967 1434 2248 1480 Absolutum

256 1525 334 1562 est.
359 1517 478 1562 enim
507 1517 557 1561 id
590 1531 708 1576 opus
743 1515 932 1561 demum
954 1525 1060 1577 post
1095 1517 1206 1561 belli
1230 1516 1609 1577 Peloponnesiaci
1638 1516 1813 1577 primos
1847 1531 1986 1561 annos
2022 1513 2247 1579 (Kriiger.

254 1598 488 1643 Dissertat.
532 1598 604 1643 De
651 1598 875 1657 Thucyd.
925 1613 971 1658 p.
1020 1598 1085 1642 25
1129 1613 1174 1658 p.
1226 1597 1343 1656 30),
1405 1613 1498 1655 quo
1547 1605 1759 1657 tempore
1797 1598 2109 1657 Thucydides
2143 1597 2249 1657 jam

254 1680 542 1736 adoleverat,
590 1694 678 1722 non
722 1679 920 1737 amplius
961 1684 1082 1733 παῖς
1123 1665 1399 1739 τυγχάνων
1432 1679 1503 1722 vel
1537 1677 1736 1740 κομιδῇ
1770 1676 1887 1733 νέος
1922 1680 2088 1732 (Phot.
2126 1680 2248 1725 Bibl.

256 1761 361 1807 cod.
401 1761 468 1807 60
508 1775 555 1820 p.
603 1759 668 1804 28
717 1760 945 1814 Hosch.).
1004 1760 1099 1805 Sed
1141 1762 1219 1806 hic
1267 1762 1397 1806 illum
1439 1761 1592 1819 potuit
1620 1761 1781 1806 audire
1826 1761 2020 1806 Athenis
2054 1761 2247 1821 Olymp.

253 1842 524 1896 LXXXIII,
569 1843 625 1898 3,
675 1841 840 1886 decem
880 1841 979 1886 fere
1025 1857 1163 1887 annos
1206 1849 1350 1888 natus.
1425 1841 1498 1887 Cf.
1548 1842 1806 1887 Marcellin.
1853 1839 1898 1904 ξ.
1937 1840 2004 1886 54
2043 1856 2092 1900 p.
2136 1840 2247 1886 730.

253 1924 469 1991 Namque
502 1922 694 1983 Olymp.
739 1922 805 1967 94
841 1938 985 1981 quum
1032 1924 1265 1982 aliquanto
1308 1922 1461 1984 major
1502 1938 1642 1982 quam
1682 1922 1749 1986 50
1783 1938 2003 1968 annorum
2045 1931 2249 1967 aetatem

253 2013 436 2066 ageret,
495 2012 700 2049 mortuus
741 2011 834 2057 est;
897 2005 1055 2063 itaque
1100 2013 1231 2049 natus
1283 2004 1475 2065 Olymp.
1521 2003 1584 2048 81
1629 2012 1709 2049 aut
1761 2005 1842 2050 82.
1911 2005 2112 2064 Kriiger.
2159 2005 2245 2050 loc.

254 2089 330 2133 cit.
366 2104 412 2147 p.
457 2086 503 2131 8.
552 2086 807 2145 Pamphila
852 2086 1040 2144 quidem
1083 2101 1158 2146 ap.
1202 2088 1259 2132 A.
1307 2086 1511 2132 Gellium
1555 2086 1613 2129 N.
1655 2088 1710 2131 A.
1756 2087 1858 2131 Lib.
1901 2086 1991 2130 XV
2030 2101 2138 2146 cap.
2183 2087 2249 2131 23

253 2169 445 2215 tradidit
477 2168 809 2227 Thucydidem
843 2168 998 2214 videri
1041 2168 1153 2212 belli
1186 2168 1567 2229 Peloponnesiaci
1602 2168 1728 2213 initio
1765 2167 2073 2229 quadraginta
2107 2184 2246 2213 annos

254 2260 411 2297 natum
445 2251 596 2296 fuisse.
665 2250 869 2308 Indeque
904 2250 1181 2296 concludunt
1219 2266 1323 2296 eum
1354 2248 1789 2311 Olymp.LXXX1,
1845 2250 1871 2295 l
1909 2266 1949 2296 a.
1984 2251 2098 2296 Chr.
2134 2251 2246 2309 456,

255 2349 371 2380 anno
406 2334 565 2378 aetatis
602 2332 739 2390 16²⁰,
772 2331 1064 2378 Herodotum
1101 2332 1315 2377 historias
1362 2333 1627 2378 recitantem
1676 2331 1921 2387 audivisse,
1961 2347 2050 2377 non
2102 2335 2246 2393 prius,

254 2417 361 2477 quia
410 2416 539 2460 nimis
598 2422 783 2459 tenerae
849 2416 1009 2460 aetatis
1072 2414 1255 2482 fuisset,
1325 2407 1587 2475 quanquam
1636 2414 1730 2460 hoc
1788 2415 1936 2475 ipsum
1997 2415 2246 2476 perhibent

339 2672 385 2721 ¹¹)
416 2670 511 2713 Vid.
541 2685 645 2725 quos
675 2672 909 2712 citaverunt
937 2669 1104 2711 Clinton
1134 2675 1179 2711 et
1207 2666 1425 2724 Kriigerus
1454 2668 1507 2709 ad
1538 2669 1578 2710 h.
1609 2682 1644 2709 a.
